
@article{chang94,
   author = {W[] Chang and G[] A[] McMechan},
   journal = {Geophysics},
   issue = {04},
   pages = {597-609},
   publisher = {Society of Exploration Geophysics},
   title = {{3-D elastic prestack reverse-time depth migration}},
   volume = {59},
   year = {1994}
}
@article{bao15,
   author = {B[] D[] Nguyen and G[] A[] McMechan},
   journal = {Geophysics},
   volume = {80},
   issue = {1},
   pages={S1-S18},
   publisher = {Society of Exploration Geophysics},
   title = {{Five ways to avoid storing source wavefield snapshots in 2D elastic prestack reverse-time migration}},
   year = {2015}
}
@article{rocha16,
   author = {D[] Rocha and N[] Tanushev and P[] Sava},
   journal = {Geophysics},
   publisher = {Society of Exploration Geophysics},
   title = {{Isotropic elastic wavefield imaging using the energy norm}},
   year = {2016},
   volume = {81},
   pages={S207-S219},
   issue = {4}
}

@article{wenlong_vct15,
   author = {W[] Wang and G[] A[] McMechan},
   journal = {Geophysics},
   publisher = {Society of Exploration Geophysics},
   title = {{Vector-based elastic reverse-time migration}},
   year = {2015},
   volume = {80},
   pages={S245-S258},
   issue = {6}
}
@Book{aki80,
   author = {K[] Aki and P[] G[] Richards},
   title = {Quantitative seismology, theory and methods},
   publisher = {W. H. Freeman and Co},
   year = {1980}
}
@article{jin15,
   author = {H[] Jin and G[] A[] McMechan and B[] D[] Nguyen},
   journal = {Geophysics},
   volume = {80},
   issue = {2},
   publisher = {Society of Exploration Geophysics},
   pages={S65-S77},
   title = {{Improving I/O performance in 2D and 3D ADCIGs from RTM}},
   year = {2015}
}

@article{kuo84,
   author = {J[] T[] Kuo and F[] T[] Dai},
   journal = {Geophysics},
   issue = {08},
   pages = {1223-1238},
   publisher = {Society of Exploration Geophysics},
   title = {Kirchhoff elastic wave migration for the case of noncoincident source and receiver},
   volume = {49},
   year = {1984}
}
@article{dai86,
   author = {F[] T[] Dai and J[] T[] Kuo},
   journal = {Geophysics},
   issue = {04},
   pages = {1006-1011},
   publisher = {Society of Exploration Geophysics},
   title = {{Real data results of Kirchhoff elastic wave migration}},
   volume = {51},
   year = {1986}
}
@article{wenlong17,
   author = {W[] Wang and B[] Hua and G[] A[] McMechan and B[] Duquet},
   journal = {Geophysics},
   pages = {C13-C26},
   volume = {83},
   issue = {1},
   publisher = {Society of Exploration Geophysics},
   title = {{P and S decomposition in anisotropic media with localized low-rank approximations}},
   year = {2018}
}
@article{cheng14,
   author = {J[] Cheng and S[] Fomel},
   journal = {Geophysics},
   issue = {04},
   pages = {C97-C110},
   publisher = {Society of Exploration Geophysics},
   title = {Fast algorithms for elastic-wave-mode separation and vector decomposition using low-rank approximation for anisotropic media},
   volume = {79},
   year = {2014}
}
@article{perez07,
   author = {G[] Perez and K[] J[] Marfurt},
   journal = {Geophysics},
   issue = {06},
   pages = {C95-C104},
   publisher = {Society of Exploration Geophysics},
   title = {Improving lateral and vertical resolution of seismic images by correcting for wavelet stretch in common-angle migration},
   volume = {72},
   year = {2007}
}
@article{biondi04,
   author = {B[] Biondi and W[] W[] Symes},
   journal = {Geophysics},
   issue = {05},
   pages = {1283-1298},
   publisher = {Society of Exploration Geophysics},
   title = {Angle-domain common-image gathers for migration velocity analysis by wavefield-continuation imaging},
   volume = {69},
   year = {2004}
}
@article{chang86,
   author = {W[] Chang and G[] A[] McMechan},
   journal = {Geophysics},
   issue = {01},
   pages = {67-84},
   publisher = {Society of Exploration Geophysics},
   title = {Reverse-time migration of offset vertical seismic profiling data using the excitation-time imaging condition},
   volume = {51},
   year = {1986}
}
@article{jin14,
   author = {H[] Jin and G[] A[] McMechan and H[] Guan},
   journal = {Geophysics},
   publisher = {Society of Exploration Geophysics},
   pages={S89-S103},
   title = {{Comparison of methods for extracting ADCIGs from RTM}},
   year = {2014}
}
@article{shabelansky17,
   author = {A[] H[] Shabelansky and A[] Malcolm and M[] Fehler},
   journal = {Geophysics},
   publisher = {Society of Exploration Geophysics},
   volume = {82},
   issue = {2},
   pages={S99-S109},
   title = {{Converted-wave seismic imaging: Amplitude-balancing source-independent imaging conditions}},
   year = {2017}
}
@article{du14,
   author = {Q[] Du and X[] Gong and M[] Zhang and Y[] Zhu and G[] Fang},
   journal = {Geophysics},
   publisher = {Society of Exploration Geophysics},
   volume = {79},
   issue = {5},
   pages={S173-S184},
   title = {{3D PS-wave imaging with elastic reverse-time migration}},
   year = {2014}
}
@article{du17,
   author = {Q[] Du and C[] Guo and Q[] Zhao and X[] Gong and C[] Wang and X[] Li},
   journal = {Geophysics},
   publisher = {Society of Exploration Geophysics},
   volume = {82},
   issue = {2},
   pages={S111-S127},
   title = {{Vector-based elastic reverse time migration based on scalar imaging condition}},
   year = {2017}
}
@article{stewart90,
   author = {R[] Stewart},
   journal = {CREWES Research Report},
   title = {{Joint P and P-SV inversion: Technical Report}},
   year = {1990}
}
@article{du12,
   author = {Q[] Du and X[] Going and Y[] Zhu and G[] Fang},
   journal = {Geophysics},
   publisher = {Society of Exploration Geophysics},
   volume = {79},
   issue = {5},
   pages={S173-S184},
   title = {{3D PS-wave imaging with elastic reverse-time migration}},
   year = {2012}
}
@article{wang_cl16,
   author = {C[] Wang and J[] Cheng and B[] Arntsen},
   journal = {Geophysics},
   publisher = {Society of Exploration Geophysics},
   volume = {81},
   issue = {5},
   pages={S383-S398},
   title = {{Scalar and vector imaging based on wave mode decoupling for elastic reverse time migration in isotropic and transversely isotropic media}},
   year = {2016}
}
@article{wenlong_pv16,
   author = {W[] Wang and G[] A[] McMechan and C[] Chen and F[] Xie},
   journal = {Geophysics},
   publisher = {Society of Exploration Geophysics},
   volume = {81},
   issue = {4},
   pages={S181-S194},
   title = {{Up/down and P/S decompositions of elastic wavefields using complex seismic traces with applications to calculating Poynting vectors and angle-domain common-image gathers from reverse time migrations}},
   year = {2016}
}
@article{wenlong_cmp15,
   author = {W[] Wang and G[] A[] McMechan and Q[] Zhang},
   journal = {Geophysics},
   publisher = {Society of Exploration Geophysics},
   volume = {80},
   issue = {4},
   pages={T147-T160},
   title = {{Comparison of two algorithms for isotropic elastic P and S vector decomposition}},
   year = {2015}
}

@inproceedings{xie02,
   author = {X[] B[] Xie and R[] S[] Wu},
   booktitle = {Expanded Abstracts},
   meeting={72nd Annual International Meeting},
   pages = {1360-1363},
   publisher = {SEG},
   title = {{Extracting angle domain information from migrated wavefield}},
   year = {2002}
}
@inproceedings{dickens11,
   author = {T[] A[] Dickens and G[] A[] Winbow},
   booktitle = {Expanded Abstracts},
   meeting={81st Annual International Meeting},
   pages = {3109-3113},
   publisher = {SEG},
   title = {{RTM angle gathers using poynting vectors}},
   year = {2011}
}
@inproceedings{madariaga76,
   author = {R[] Madariaga},
   booktitle = {Bulletin of the Seismological Society of America},
   pages = {639-666},
   publisher = {BSSA},
   title = {Dynamics of an expanding circular fault},
   year = {1976}
}
@inproceedings{graves96,
   author = {R[] W[] Graves},
   booktitle = {Bulletin of the Seismological Society of America},
   pages = {1091-1106},
   publisher = {BSSA},
   title = {Simulating seismic wave propagation in 3D elastic media using staggered-grid finite difference.},
   year = {1996}
}
@inproceedings{wenlong_3d16,
   author = {W[] Wang and G[] A[] McMechan},
   booktitle = {Expanded Abstracts},
   meeting={86th Annual International Meeting},
   pages = {4168-4172},
   publisher = {SEG},
   title = {{Vector-based image condition for 3D elastic reverse time migrations}},
   year = {2016}
}
@inproceedings{sava05b,
   author = {P[] Sava and S[] Fomel},
   booktitle = {Expanded Abstracts},
   meeting={75th Annual International Meeting},
   pages = {947-950},
   publisher = {SEG},
   title = {{Wave equation common-angle gathers for converted waves}},
   year = {2005}
}
@inproceedings{kaelin06,
   author = {B[] Kaelin and A[] Guitton},
   booktitle = {Expanded Abstracts},
   meeting={76th Annual International Meeting},
   pages = {2594-2598},
   publisher = {SEG},
   title = {{Imaging condition for reverse time migration}},
   year = {2006}
}
@inproceedings{yan11,
   author = {R[] Yan and X[] Xie},
   booktitle = {Expanded Abstracts},
   meeting={81st Annual International Meeting},
   pages = {3141-3146},
   publisher = {SEG},
   title = {{Angle gather extraction for acoustic and isotropic elastic RTM}},
   year = {2011}
}
@inproceedings{sava05a,
   author = {P[] Sava and S[] Fomel},
   booktitle = {Expanded Abstracts},
   meeting={75th Annual International Meeting},
   pages = {2052-2055},
   publisher = {SEG},
   title = {{Coordinate-independent angle-gathers for wave equation migration}},
   year = {2005}
}
@article{sava03,
   author = {P[] Sava and S[] Fomel},
   journal = {Geophysics},
   issue = {3},
   pages = {1065-1074},
   publisher = {Society of Exploration Geophysics},
   title = {Angle-domain common-image gathers for wave equation migration methods},
   volume = {68},
   year = {2003}
}
@article{xu11,
   author = {S[] Xu Y[] Zhang and B[] Tang},
   journal = {Geophysics},
   issue = {2},
   pages = {S77-S92},
   publisher = {Society of Exploration Geophysics},
   title = {3D angle gathers from reverse time migration},
   volume = {76},
   year = {2011}
}
@article{xu01,
   author = {S[] Xu H[] Chauris and M[] Noble},
   journal = {Geophysics},
   issue = {6},
   pages = {1877-1894},
   publisher = {Society of Exploration Geophysics},
   title = {Common angle migration: A strategy for imaging complex media},
   volume = {66},
   year = {2001}
}
@article{bruin90,
   author = {C[] G[] M[] de Bruin and C[] P[] A[] Wapenaar and A[] J[] Berkhout},
   journal = {Geophysics},
   issue = {9},
   pages = {1223-1234},
   publisher = {Society of Exploration Geophysics},
   title = {Angle dependent reflectivity by means of prestack migration},
   volume = {55},
   year = {1990}
}
@article{claerbout71,
   author = {J[] F[] Claerbout},
   journal = {Geophysics},
   issue = {3},
   pages = {467-481},
   publisher = {Society of Exploration Geophysics},
   title = {Toward a unified theory of reflector mapping},
   volume = {36},
   year = {1971}
}
@inproceedings{botelho88,
   author = {M[] A[] B[] Botelho and P[] Stoffa},
   booktitle = {Eos-Transactions},
   pages = {1326},
   publisher = {American Geophysical Union},
   title = {Velocity Analysis Using Reverse Time Migration},
   volume = {69},
   year = {1988}
}
@inproceedings{martin02,
   author = {G[] S[] Martin and K[] J[] Marfurt and S[] Larsen},
   booktitle = {Expanded Abstracts},
   meeting={72th Annual International Meeting},
   pages = {1979-1982},
   publisher = {SEG},
   title = {Marmousi-2: An updated model for the investigation of AVO in structurally complex areas},
   year = {2002}
}
@article{chattopadhyay08,
   author = {S[] Chattopadhyay},
   journal = {Geophysics},
   issue = {3},
   pages = {S81-S89},
   publisher = {Society of Exploration Geophysics},
   title = {Imaging conditions for prestack reverse-time migration},
   volume = {73},
   year = {2008}
}
@inproceedings{whitmore83,
   author = {N[] D[] Whitmore},
   booktitle = {Expanded Abstracts},
   meeting={53rd Annual International Meeting},
   pages = {11-15},
   publisher = {SEG},
   title = {Iterative depth migration by backward time propagation},
   year = {1983}
}
@inproceedings{zou09,
   author = {Z[] Zou and H[] Liu},
   booktitle = {Expanded Abstracts},
   meeting={79th Annual International Meeting},
   pages = {326-330},
   publisher = {SEG},
   title = {{3-D angle-domain common imaging gathers during Kirchhoff PSTM}},
   year = {2009}
}
@inproceedings{castagna97,
   author = {J[] P[] Castagna and H[] W[] Swan},
   booktitle = {The Leading Edge},
   pages = {337-342},
   publisher = {EAGE},
   title = {{Principles of AVO crossplotting}},
   year = {1997}
}
@inproceedings{aminzadeh94,
   author = {F[] Aminzadeh and N[] Burkhard and L[] Nicoletis and F[] Rocca and K[] Wyatt},
   booktitle = {The Leading Edge},
   pages = {949-952},
   publisher = {EAGE},
   title = {{ SEG/EAGE 3-D modeling project: 2nd update}},
   year = {1994}
}
@inproceedings{yan10,
   author = {R[] Yan and X[] Xie},
   booktitle = {Expanded Abstracts},
   meeting={80th Annual International Meeting},
   pages = {3181-3186},
   publisher = {SEG},
   title = {{The new angle‐domain imaging condition for elastic RTM}},
   year = {2010}
}
@article{hokstad00,
   author = {K[] Hokstad},
   journal = {Geophysics},
   issue = {3},
   publisher = {Society of Exploration Geophysics},
   volume = {65},
   pages = {861-873},
   title = {{Multicomponent Kirchhoff migration}},
   year = {2000}
}
@article{zhu17,
   author = {H[] Zhu},
   journal = {Geophysics},
   issue = {2},
   publisher = {Society of Exploration Geophysics},
   volume = {82},
   pages = {S173-S183},
   title = {{Elastic wavefield separation based on the Helmholtz decomposition}},
   year = {2017}
}
@article{xiao10,
   author = {X[] Xiao and W[] S[] Leaney},
   journal = {Geophysics},
   issue = {2},
   pages = {S35-S49},
   publisher = {Society of Exploration Geophysics},
   title = {{Local vertical seismic profiling (VSP) elastic reverse-time migration and migration resolution: Salt-flank imaging with transmitted P-to-S waves}},
   volume = {75},
   year = {2010}
}
@article{blanch94,
   author = {J[] Robertsson and W[] Symes},
   journal = {Geophysics},
   issue = {9},
   pages = {1444-1456},
   publisher = {Society of Exploration Geophysics},
   title = {Viscoelastic finite-difference modeling},
   volume = {59},
   year = {1994}
}
@article{gray01,
   author = {S[] H[] Gray and J[] Etgen and J[] Dellinger and D[] Whitmore},
   journal = {Geophysics},
   issue = {5},
   pages = {1622-1640},
   publisher = {Society of Exploration Geophysics},
   title = {Seismic migration problems and solutions},
   volume = {66},
   year = {2001}
}
@article{blanch94,
   author = {C[] P[] A[] Wapenaar and N[] A[] Kinneging and A[] J[] Berkhout},
   journal = {Geophysics},
   issue = {2},
   pages = {151-173},
   publisher = {Society of Exploration Geophysics},
   title = {Principle of prestack migration based on the full elastic two-wayt wave equation},
   volume = {52},
   year = {1987}
}
@article{wapenaar90,
   author = {C[] P[] A[] Wapenaar and G[] C[] Haim\'{e}},
   journal = {Geophysical Prospecting},
   issue = {1},
   pages = {23-60},
   title = {{Elastic extrapolation of primary seismic P- and S-waves}},
   volume = {38},
   year = {1990}
}
@article{mcmechan83,
   author = {G[] A[] McMechan},
   journal = {Geophysical Prospecting},
   issue = {3},
   pages = {413-420},
   title = {Migration by extrapolation of time-dependent boundary values},
   volume = {31},
   year = {1983}
}
@article{sun01_sn,
   author = {R[] Sun and J[] Chow and K[] J[] Chen},
   journal = {Geophysics},
   issue = {05},
   pages = {1515-1518},
   publisher = {Society of Exploration Geophysics},
   title = {{Phase correction in separating P- and S-waves in elastic data}},
   volume = {66},
   year = {2001}
}
@article{sun86,
   author = {R[] Sun and G[] A[] McMechan},
   journal = {Proc. IEEE},
   pages = {457-465},
   title = {{Prestack reverse-time migration for elastic waves with application to synthetic offset vertical seismic profiles}},
   volume = {74},
   year = {1986}
}


@inproceedings{sun99,
   author = {R[] Sun},
   booktitle = {Extended Abstracts},
   meeting={61st Conference},
   pages = {6-23},
   publisher = {European Association of Geoscientists and Engineers},
   title = {{Separating P- and S-waves in a prestack 2-dimensional elastic seismogram}},
   year = {1999}
}
@article{sun01,
   author = {R[] Sun and G[] A[] McMechan},
   journal = {Geophysics},
   issue = {05},
   pages = {1518-1527},
   publisher = {Society of Exploration Geophysics},
   title = {Scalar reverse-time depth migration of prestack elastic seismic data},
   volume = {66},
   year = {2001}
}

@Book{claerbout85,
   author = {J[] Claerbout},
   title = {Imaging the earth's interior},
   publisher = {Blackwell Scientific Publications Inc},
   year = {1985}
}

@Book{cerveny01,
   author = {V[] {\v{C}}erven\'{y}},
   title = {Seismic ray theory},
   publisher = {Cambridge University Press},
   year = {2001}
}
@Book{sheriff95,
   author = {R[] E[] Sheriff and L[] P[] Geldart},
   title = {Exploration Seismology. 2nd Edition},
   publisher = {Cambridge University Press},
   year = {1995}
}

@article{baysal83,
   author = {E[] Baysal D[] D[] Kosloff and J[] W[] C[] Sherwood},
   journal = {Geophysics},
   issue = {11},
   pages = {1514-1524},
   publisher = {Society of Exploration Geophysics},
   title = {Reverse time migration},
   volume = {48},
   year = {1983}
}
@article{loewenthal91,
   author = {D[] Loewenthal and L[] Hu},
   journal = {Geophysics},
   issue = {3},
   pages = {378-381},
   publisher = {Society of Exploration Geophysics},
   title = {Two methods for computing the imaging condition for common-shot prestack migration},
   volume = {56},
   year = {1991}
}
@article{yan08,
   author = {J[] Yan and P[] Sava},
   journal = {Geophysics},
   issue = {6},
   pages = {S229-S239},
   publisher = {Society of Exploration Geophysics},
   title = {Isotropic angle-domain elastic reverse-time migration},
   volume = {73},
   year = {2008}
}

@Book{morse53,
   author = {P[] M[] Morse and H[] Feshbach},
   title = {Methods of theoretical physics},
   publisher = {McGraw-Hill Book Company},
   year = {1953}
}

@Book{bourbie87,
   author = {T[] Bourbie and O[] Coussy and B[] Zinzner},
   title = {Acoustic of porous media},
   publisher = {Gulf Publishing Company},
   year = {1987}
}

@article{dellinger90,
   author = {J[] Dellinger and J[] Etgen},
   journal = {Geophysics},
   pages = {914-919},
   publisher = {Society of Exploration Geophysics},
   title = {Wave-field separation in two-dimensional anisotropic media},
   volume = {55},
   year = {1990}
}
@article{zhang11,
   author = {Q[] Zhang and G[] A[] McMechan},
   journal = {Geophysics},
   issue = {05},
   pages = {WB135-WB149},
   publisher = {Society of Exploration Geophysics},
   title = {Direct vector-field method to obtain angle-domain common-image gathers from isotropic acoustic and elastic reverse time migration},
   volume = {76},
   year = {2011}
}
@inproceedings{xinfa11,
   author = {X[] Zhu and G[] A[] McMechan},
   booktitle = {Expanded Abstracts},
   meeting={81th  Annual International Meeting},
   pages = {3053-3058},
   publisher = {SEG},
   title = {{Comparison of methods for modeling phase variation with angle}},
   year = {2011}
}
@inproceedings{pestana89,
   author = {R[] C[] Pestana and F[] M[] R[] da Mota and T[] J[] Ulrych and S[] Freire and F[] B[] da Silva},
   booktitle = {Expanded Abstracts},
   meeting={59th  Annual International Meeting},
   pages = {1308-1311},
   publisher = {SEG},
   title = {{Deterministic and stochastic separation of P and SV‐waves: A comparison}},
   year = {1989}
}
@inproceedings{zhang07,
   author = {J[] Zhang and Z[] Tian and C[] Wang},
   booktitle = {Expanded Abstracts},
   meeting={77th  Annual International Meeting},
   pages = {2104-2109},
   publisher = {SEG},
   title = {{P- and S-wave separated elastic wave equation numerical modeling using 2D staggered-grid}},
   year = {2007}
}
@article{komatitsch07,
   author = {D[] Komatitsch and R[] Martin},
   journal = {Geophysics},
   issue = {5},
   pages = {SM155-SM167},
   publisher = {Soc. of Expl. Geophys.},
   title = {An unsplit convolutional perfectly matched layer improved at grazing incidence for the seismic wave equation},
   volume = {72},
   year = {2007}
}

@article{liu11,
   author = {F[] Liu and G[] Zhang and A[] M[] Scott and P[] L[] Leveille},
   journal = {Geophysics},
   issue = {01},
   pages = {S29-S39},
   publisher = {Society of Exploration Geophysics},
   title = {{An effective imaging condition for reverse-time migration using wavefield decomposition}},
   volume = {76},
   year = {2011}
}

@article{zhang10,
   author = {Q[] Zhang and G[] A[] McMechan},
   journal = {Geophysics},
   issue = {03},
   pages = {D13-D26},
   publisher = {Society of Exploration Geophysics},
   title = {{2D and 3D elastic wavefield vector decomposition in the wavenumber domain for VTI media}},
   volume = {75},
   year = {2010}
}
@article{carcione88a,
   author = {J[] M[] Carcione and D[] Kosloff and R[] Kosloff},
   journal = {Geophys. J.},
   pages = {393-407},
   title = {Wave propagation in a linear viscoelastic medium},
   volume = {93},
   year = {1988}
}
@article{carcione88b,
   author = {J[] M[] Carcione and D[] Kosloff and R[] Kosloff},
   journal = {Geophysics},
   pages = {769-777},
   publisher = {Society of Exploration Geophysics},
   title = {Viscoacoustic wave propagation simulation in the Earth},
   volume = {53},
   year = {1988}
}
@phdthesis{whitmore95,
   author = {N[] D[] Whitmore},
   school = {The University of Tulsa},
   title = {An imaging hierarchy for common-angle seismograms},
   year = {1995},
}

@article{carcione88c,
   author = {J[] M[] Carcione and D[] Kosloff and R[] Kosloff},
   journal = {Geophys. J.},
   pages = {597-611},
   title = {Wave propagation in a linear viscoelastic medium},
   volume = {95},
   year = {1988}
}
@article{carcione93,
   author = {J[] M[] Carcione},
   journal = {Geophysics},
   pages = {110-120},
   publisher = {Society of Exploration Geophysics},
   title = {Seismic modeling in viscoelastic media},
   volume = {58},
   year = {1993}
}
@article{kelly76,
   author = {K[] R[] Kelly and R[] W[] Ward and S[] Treitel and R[] M[] Alford},
   journal = {Geophysics},
   pages = {2-27},
   publisher = {Society of Exploration Geophysics},
   title = {{Synthetic seismograms: A finite-difference approach}},
   volume = {41},
   issue ={1},
   year = {1976}
}
@article{levander88,
   author = {A[] R[] Levander},
   journal = {Geophysics},
   pages = {1425-1436},
   publisher = {Society of Exploration Geophysics},
   title = {{Fourth-order finite-difference P-SV seismograms}},
   volume = {53},
   issue ={11},
   year = {1988}
}
@article{bruin90,
   author = {C[] G[] M[] de Bruin and C[] P[] A[] Wapenaar and A[] J[] Berkhout},
   journal = {Geophysics},
   pages = {1223-1234},
   publisher = {Society of Exploration Geophysics},
   title = {Angle-dependent reflectivity by means of prestack migration},
   volume = {55},
   issue ={9},
   year = {1990}
}
@article{deng08,
   author = {F[] Deng and G[] A[] McMechan},
   journal = {Geophysics},
   pages = {S143-S155},
   publisher = {Society of Exploration Geophysics},
   title = {Viscoelastic true-amplitude prestack reverse-time depth migration},
   volume = {73},
   issue ={4},
   year = {2008}
}
@article{deng07,
   author = {F[] Deng and G[] A[] McMechan},
   journal = {Geophysics},
   pages = {S155-S166},
   publisher = {Society of Exploration Geophysics},
   title = {True-amplitude prestack depth migration},
   volume = {72},
   issue ={3},
   year = {2007}
}
@article{virieux84,
   author = {J[] Virieux},
   journal = {Geophysics},
   pages = {1933-1957},
   publisher = {Society of Exploration Geophysics},
   title = {{SH-wave propagation in heterogeneous media: Velocity-stress finite-difference method}},
   volume = {49},
   issue ={11},
   year = {1984}
}
@article{virieux86,
   author = {J[] Virieux},
   journal = {Geophysics},
   pages = {889-901},
   publisher = {Society of Exploration Geophysics},
   title = {{P-SV wave propagation in heterogeneous media: Velocity-stress finite-difference method}},
   volume = {51},
   issue ={4},
   year = {1986}
}
@article{kennett80,
   author = {B[] L[] N[] Kennett},
   journal = {Geophysical Journal of the Royal Astronomical Society},
   pages = {1-10},
   title = {Seismic waves in a stratified half space-\rom{2}. Theoretical seismograms},
   volume = {61},
   year = {1980}
}
@article{liu76,
   author = {R[] Liu and D.L. Anderson and H. Kanamori},
   journal = {Geophysical Journal of the Royal Astronomical Society},
   pages = {41-58},
   title = {Velocity dispersion due to anelasticity: implication for seismology and mantle composition},
   volume = {47},
   year = {1976}
}
@article{emmerich87,
   author = {H[] Emmerich and M[] Korn},
   journal = {Geophysics},
   pages = {1252-1264},
   publisher = {Society of Exploration Geophysics},
   title = {Incorporation of attenuation into time-domain computations of seismic wave fields},
   volume = {52},
   issue ={9},
   year = {1987}
}
@article{hauser08,
   author = {J[] Hauser and M[] Sambridge and N[] Rawlinson},
   journal = {Geochemistry, Geophysics, Geosystems},
   title = {Multiarrival wavefront tracking and its applications},
   volume = {9},
   pages = {Q11001},
   year = {2008}
}
@article{nguyen13,
   author = {B[] Nguyen and G[] A[] McMechan},
   journal = {Geophysics},
   issue = {1},
   publisher = {Society of Exploration Geophysics},
   title = {Excitation amplitude imaging condition for prestack reverse-time migration},
   volume = {78},
   pages = {S37-S46},
   year = {2013}
}

@article{xu95,
   author = {T[] Xu and G[] A[] McMechan},
   journal = {Geophysical Journal International},
   pages = {634-639},
   title = {Composite memory variables for viscoelastic synthetic seismograms},
   volume = {121},
   year = {1995}
}
@article{ma03,
   author = {D[] Ma and G[] Zhu},
   journal = {Oil Geophysical Prospecting},
   issue = {5},
   pages = {482-486},
   publisher = {China Academic Journal Electronic Publishing House},
   title = {{P- and S-wave separated elastic wave equation numerical modeling (in Chinese)}},
   volume = {38},
   year = {2003}
}

